<?xml version="1.0" encoding="UTF-8"?><collection xmlns="http://www.loc.gov/MARC21/slim"><record><leader>00362nam--2200145-i-4500</leader><controlfield tag="001">000009570</controlfield><controlfield tag="002">20161230</controlfield><controlfield tag="005">20161230201028</controlfield><controlfield tag="008">060222s1000------------r-----000-0-eng-d</controlfield><datafield ind1=" " ind2=" " tag="080"><subfield code="a">530.145.6</subfield></datafield><datafield ind1=" " ind2=" " tag="100"><subfield code="a">Cassels, J.M</subfield></datafield><datafield ind1=" " ind2=" " tag="245"><subfield code="a">Basic quantum mechanics</subfield></datafield><datafield ind1=" " ind2=" " tag="260"><subfield code="a">London, Mcgraw-hill, 1970. Viii + 184 P</subfield></datafield><datafield ind1=" " ind2=" " tag="490"><subfield code="a">European Physics Series</subfield></datafield><datafield ind1=" " ind2=" " tag="852"><subfield code="a">34246</subfield></datafield></record></collection>